<?xml version="1.0" encoding="UTF-8"?>
<record xmlns="http://www.loc.gov/MARC21/slim" xmlns:xsi="http://www.w3.org/2001/XMLSchema-instance" xsi:schemaLocation="http://www.loc.gov/MARC21/slim http://www.loc.gov/standards/marcxml/schema/MARC21slim.xsd">
<leader>00000cam a22      a 4500</leader>
<controlfield tag="001">001678152</controlfield>
<controlfield tag="003">NNU</controlfield>
<controlfield tag="005">20160226180306.0</controlfield>
<controlfield tag="008">931217m19509999iq a     b   f001 0 arar</controlfield>
<datafield tag="010" ind1=" " ind2=" ">
<subfield code="a">   93965525</subfield>
</datafield>
<datafield tag="035" ind1=" " ind2=" ">
<subfield code="a">(OCoLC)29848052</subfield>
</datafield>
<datafield tag="040" ind1=" " ind2=" ">
<subfield code="a">DLC</subfield>
<subfield code="b">eng</subfield>
<subfield code="c">DLC</subfield>
<subfield code="d">CUY</subfield>
<subfield code="d">ZAP</subfield>
<subfield code="d">OCLCO</subfield>
<subfield code="d">OCLCF</subfield>
<subfield code="d">OCLCQ</subfield>
<subfield code="d">NNU</subfield>
</datafield>
<datafield tag="042" ind1=" " ind2=" ">
<subfield code="a">lcode</subfield>
</datafield>
<datafield tag="050" ind1=" " ind2="4">
<subfield code="a">DS79.6.I25</subfield>
<subfield code="b">S4 1950</subfield>
</datafield>
<datafield tag="100" ind1="1" ind2=" ">
<subfield code="6">880-01</subfield>
<subfield code="a">Shabībī, Muḥammad Riḍā.</subfield>
</datafield>
<datafield tag="245" ind1="1" ind2="0">
<subfield code="6">880-02</subfield>
<subfield code="a">Muʼarrikh al-ʻIrāq Ibn al-Fuwaṭī :</subfield>
<subfield code="b">baḥth adwār al-tārīkh al-ʻIrāqī min mustahall al-ʻAṣr al-ʻAbbāsī ilá awākhir al-ʻAṣr al-Maghūlī /</subfield>
<subfield code="c">taʼlīf Muḥammad Riḍā al-Shabībī.</subfield>
</datafield>
<datafield tag="260" ind1=" " ind2=" ">
<subfield code="6">880-03</subfield>
<subfield code="a">[Baghdad] :</subfield>
<subfield code="b">al-Majmaʻ al-ʻIlmī al-ʻIrāqī,</subfield>
<subfield code="c">1950-</subfield>
</datafield>
<datafield tag="300" ind1=" " ind2=" ">
<subfield code="a">volumes &lt;1-2&gt; in 1 :</subfield>
<subfield code="b">illustrations ;</subfield>
<subfield code="c">24 cm.</subfield>
</datafield>
<datafield tag="336" ind1=" " ind2=" ">
<subfield code="a">text</subfield>
<subfield code="b">txt</subfield>
<subfield code="2">rdacontent</subfield>
</datafield>
<datafield tag="337" ind1=" " ind2=" ">
<subfield code="a">unmediated</subfield>
<subfield code="b">n</subfield>
<subfield code="2">rdamedia</subfield>
</datafield>
<datafield tag="338" ind1=" " ind2=" ">
<subfield code="a">volume</subfield>
<subfield code="b">nc</subfield>
<subfield code="2">rdacarrier</subfield>
</datafield>
<datafield tag="490" ind1="1" ind2=" ">
<subfield code="6">880-04</subfield>
<subfield code="a">Maṭbūʻāt al-Majmaʻ al-ʻIlmī al-ʻIrāqī</subfield>
</datafield>
<datafield tag="500" ind1=" " ind2=" ">
<subfield code="a">In Arabic; romanized record.</subfield>
</datafield>
<datafield tag="504" ind1=" " ind2=" ">
<subfield code="a">Includes bibliographical references and indexes.</subfield>
</datafield>
<datafield tag="600" ind1="1" ind2="0">
<subfield code="6">880-05</subfield>
<subfield code="a">Ibn al-Fuwaṭī, ʻAbd al-Razzāq ibn Aḥmad,</subfield>
<subfield code="d">1244-1323.</subfield>
</datafield>
<datafield tag="600" ind1="1" ind2="7">
<subfield code="a">Ibn al-Fuwaṭī, ʻAbd al-Razzāq ibn Aḥmad,</subfield>
<subfield code="d">1244-1323.</subfield>
<subfield code="2">fast</subfield>
<subfield code="0">(OCoLC)fst00149932</subfield>
</datafield>
<datafield tag="653" ind1="0" ind2=" ">
<subfield code="a">ʻAbd al-Razzāq ibn Aḥmad ibn al-Fuwaṭī;</subfield>
<subfield code="a">Abbaside state;</subfield>
<subfield code="a">Moghols'epoch</subfield>
</datafield>
<datafield tag="776" ind1="0" ind2="8">
<subfield code="i">Online version:</subfield>
<subfield code="a">Shabībī, Muḥammad Riḍā.</subfield>
<subfield code="t">Muʼarrikh al-ʻIrāq Ibn al-Fuwaṭī.</subfield>
<subfield code="d">[Baghdad] : al-Majmaʻ al-ʻIlmī al-ʻIrāqī, 1950-</subfield>
<subfield code="w">(OCoLC)700392307</subfield>
</datafield>
<datafield tag="880" ind1="1" ind2=" ">
<subfield code="6">100-01/</subfield>
<subfield code="a">شبيبي، محمد رضا.</subfield>
</datafield>
<datafield tag="880" ind1="1" ind2="0">
<subfield code="6">245-02/</subfield>
<subfield code="a">مؤرخ العراق ابن الفوطي :</subfield>
<subfield code="b">بحث ادوار التاريخ العراقي من مستهل العصر العباسي الى اواخر العصر المغولي /</subfield>
<subfield code="c">تأليف محمد رضا الشبيبي.</subfield>
</datafield>
<datafield tag="880" ind1=" " ind2=" ">
<subfield code="6">260-03/</subfield>
<subfield code="a">[بغداد] :</subfield>
<subfield code="b">المجمع العلمي العراقي،</subfield>
<subfield code="c">1950-</subfield>
</datafield>
<datafield tag="880" ind1="1" ind2=" ">
<subfield code="6">490-04/</subfield>
<subfield code="a">مطبوعات المجمع العلمي العراقي</subfield>
</datafield>
<datafield tag="880" ind1="1" ind2="4">
<subfield code="6">600-05/</subfield>
<subfield code="a">ابن الفوطي، عبد الرزاق بن احمد،</subfield>
<subfield code="d">1244-1323.</subfield>
</datafield>
<datafield tag="830" ind1=" " ind2="0">
<subfield code="6">880-06</subfield>
<subfield code="a">Maṭbūʻāt al-Majmaʻ al-ʻIlmī al-ʻIrāqī.</subfield>
</datafield>
<datafield tag="880" ind1=" " ind2="0">
<subfield code="6">830-06/</subfield>
<subfield code="a">مطبوعات المجمع العلمي العراقي.</subfield>
</datafield>
<datafield tag="OWN" ind1=" " ind2=" ">
<subfield code="a">GENERAL</subfield>
</datafield>
<datafield tag="AVA" ind1=" " ind2=" ">
<subfield code="a">NYU50</subfield>
<subfield code="b">BOBST</subfield>
<subfield code="c">Main Collection</subfield>
<subfield code="d">DS76.I3 S5</subfield>
<subfield code="e">unavailable</subfield>
<subfield code="t">Unavailable</subfield>
<subfield code="f">1</subfield>
<subfield code="g">1</subfield>
<subfield code="h">Y</subfield>
<subfield code="i">0</subfield>
<subfield code="j">MAIN</subfield>
<subfield code="k">0</subfield>
</datafield>
</record>
